@article{clm,
  title={Mental simulations of social thought and action: Trivial tasks or tools for transforming social policy?},
  author={Crisp, Richard J and Birtel, Mich{\`e}le D and Meleady, Rose},
  journal={Current Directions in Psychological Science},
  volume={20},
  number={4},
  pages={261--264},
  year={2011},
  publisher={Sage Publications Sage CA: Los Angeles, CA}
}

@book{knoll,
  title={Radiation Detection and Measurement},
  author={Knoll, G.F.},
  isbn={9780470131480},
  lccn={2010019070},
  url={https://books.google.com/books?id=4vTJ7UDel5IC},
  year={2010},
  publisher={John Wiley \& Sons}
}
